%# -*- coding: utf-8-unix -*-

@book{Meta_CN,
  title = {电磁超介质及其应用},
  address = {北京},
  publisher = {国防工业出版社},
  year = {2008},
  author = {崔万照 and 马伟 and 邱乐徳 and 张洪太}
}

@book{JohnD,
  title = {Photonic Crystals: Molding the Flow of Light},
  publisher = {Princeton University Press},
  year = {2008},
  author = {Joannopoulos, J. D. and Johnson, S. G. and Winn, J. N.}
}

@book{IEEE-1363,
  author={IEEE Std 1363-2000},
  title={IEEE Standard Specifications for Public-Key Cryptography},
  address={New York},
  publisher={IEEE},
  year={2000}
}

@article{chen2007act,
  author = {Chen, H. and Chan, C. T.},
  title = {Acoustic cloaking in three dimensions using acoustic metamaterials},
  journal = {Applied Physics Letters},
  year = {2007},
  volume = {91},
  pages = {183518},
  publisher = {AIP}
}

@article{chen2007ewi,
  author = {Chen, H. and Wu, B. I. and Zhang, B. and Kong, J. A.},
  title = {Electromagnetic Wave Interactions with a Metamaterial Cloak},
  journal = {Physical Review Letters},
  year = {2007},
  volume = {99},
  pages = {63903},
  number = {6},
  publisher = {APS}
}


@inproceedings{kocher99,
  author={C. Kocher and J. Jaffe and B. Jun},
  title={Differential Power Analysis},
  editor={M. Wiener},
  booktitle={Advances in Cryptology ({CRYPTO}~'99)},
  series={Lecture Notes in Computer Science},
  volume={1666},
  pages={388-397},
  publisher={Springer-Verlag},
  month={9},
  year={1999}
}

@incollection{Krasnogor2004e,
  AUTHOR = {N. Krasnogor},
  TITLE = {Towards robust memetic algorithms},
  BOOKTITLE = {Recent Advances in Memetic Algorithms},
  PUBLISHER = {Springer Berlin Heidelberg},
  YEAR = {2004},
  PAGES = {185-207},
  EDITOR = {W.E. Hart and N. Krasnogor and J.E. Smith},
  VOLUME = {166},
  SERIES = {Studies in Fuzziness and Soft Computing},  
  ADDRESS = {New York},  
}

@incollection{zjsw,
  AUTHOR = {班固},
  TITLE = {苏武传},
  BOOKTITLE = {传记散文英华},
  PUBLISHER = {湖北人民出版社},
  YEAR = {1998},  
  PAGES = {65-69},
  EDITOR = {郑在瀛 and 汪超宏 and 周文复},
  VOLUME = {2},
  SERIES = {新古文观止丛书},  
  ADDRESS = {武汉},
}


@inbook{clzs,
  AUTHOR = {阎真},
  TITLE = {沧浪之水},
  CHAPTER = {大人物还是讲人情的},
  PAGES = {185-207},
  PUBLISHER = {人民文学出版社},
  YEAR = {2001},
}

@book{tex,
 author    = {Donald E. Knuth},
 title     = {The {\TeX} Book},
 publisher = {Addison-Wesley Publishing Company},
 address   = {Reading, MA},
 year      = 1989,
 edition   = {15th},
}

@book{companion,
 author    = {Michel Goosens and Frank Mittelbach and Alexander Samarin},
 title     = {The {\LaTeX} Companion},
 publisher = {Addison-Wesley Publishing Company},
 address   = {Reading, MA},
 PAGES = {112--125},
 year      = 1994,
}

@article{ELIDRISSI94,
  AUTHOR =       {{Chafik El Idrissi}, M. and {Roney}, A. and {Frigon}, C. and
                  {Larzilli{\`e}re}, M.},
  TITLE =        {Measurements of total kinetic-energy released to the {$N=2$}
                  dissociation limit of {H}$_2$ --- evidence of the dissociation
                  of very high vibrational {R}ydberg states of {H}$_2$ by
                  doubly-excited states},
  JOURNAL =      {Chemical Physics Letters},
  PAGES =        {260-266},
  VOLUME =       224,
  NUMBER =       10,
  YEAR =         1994,
}

@ARTICLE{MELLINGER96,
  AUTHOR =       {Mellinger, A. and Vidal, C. R. and Jungen, Ch.},
  TITLE =        {Laser reduced fluorescence study of the carbon-monoxide nd
                  triplet {R}ydberg series-experimental results and multichannel
                  quantum-defect analysis},
  JOURNAL =      {J. Chem. Phys.},
  PAGES =        {8913-8921},
  VOLUME =       104,
  NUMBER =       5,
  YEAR =         1996,
}

@ARTICLE{SHELL02,
  AUTHOR =       {Michael Shell},
  TITLE =        {How to Use the {IEEEtran \LaTeX} Class},
  JOURNAL =      {Journal of {\LaTeX} Class Files},
  YEAR =         2002,
  VOLUME =       12,
  NUMBER =       4,
  PAGES =        {100--120}
}

@TechReport{NPB2,
  title =        {The {NAS} Parallel Benchmarks 2.0},
  author =       {Alex Woo and David Bailey and Maurice Yarrow and Wijngaart
                  Wijngaart and Tim Harris and William Saphir},
  year =         1995,
  month =        12,
  institution =  {The Pennsylvania State University CiteSeer Archives},
  url =          {http://www.nasa.org/}
}

@INPROCEEDINGS{DPMG,
  author =       {Kim, Sangbum and Woo, Namyoon and Yeom, Heon Y. and Park,
                  Taesoon and Park, Hyoungwoo},
  title =        {Design and {I}mplementation of {D}ynamic {P}rocess
                  {M}anagement for {G}rid-enabled {MPICH}},
  booktitle =    {the 10th European PVM/MPI Users' Group Conference},
  year =         2003,
  address =      {Venice, Italy},
  month =        sep,
}

@INPROCEEDINGS{cnproceed,
  author =       {王重阳 and 黄药师 and 欧阳峰 and 洪七公 and 段皇帝},
  title =        {武林高手论文集},
  booktitle =    {第~$N$~次华山论剑},
  year =         2006,
  address =      {西安, 中国},
  publisher = {中国古籍出版社},
  month =        sep,
}

@ARTICLE{cnarticle,
  AUTHOR =       {贾宝玉 and 林黛玉 and 薛宝钗 and 贾探春},
  TITLE =        {论刘姥姥食量大如牛之现实意义},
  JOURNAL =      {红楼梦杂谈},
  PAGES =        {260--266},
  VOLUME =       224,
  YEAR =         1800,
}

@thesis{zhubajie,
  author =       {猪八戒},
  title =        {论流体食物的持久保存},
  school =       {广寒宫大学},
  year =         2005,
  address =      {北京},
}

@thesis{shaheshang,
  title =        {论流沙河的综合治理},
  author =       {沙和尚},
  school =       {清华大学},
  year =         2005,
  address =      {北京},
}

@thesis{metamori2004,
  author =       {Ashwin Raju Jeyakumar},
  title =        {Metamori: A library for Incremental File Checkpointing},
  school =       {Virgina Tech},
  year =         2004,
  month =        7,
  address =      {Blacksburg},
}

@thesis{FistSystem01,
  AUTHOR =       {Erez Zadok},
  TITLE =        {FiST: A System for Stackable File System Code Generation},
  YEAR =         2001,
  MONTH =        {5},
  SCHOOL =       {Computer Science Department, Columbia University},
  ADDRESS =      {USA}
}

@INBOOK{ColdSources,
  AUTHOR =       {P. Gr{\"o}ning and L. Nilsson and P. Ruffieux and R.
                  Clergereaux and O. Gr{\"o}ning},
  TITLE =        {Encyclopedia of Nanoscience and Nanotechnology},
  pages =        {547--579},
  PUBLISHER =    {American Scientific Publishers},
  YEAR =         2004,
  volume =       1,
}

@phdthesis{bai2008,
	title={信用风险传染模型和信用衍生品的定价},
	author={白云芬},
	year={2008},
	school={上海交通大学},
	address={上海},
}


%萧钰.出版业信息化迈人快车道[EB/OL]. (2001-12-19)[2002-04-15]. http://www.creader.com/news/20011219/200112190019. html.
@article{xiaoyu2001,
  author =       {萧钰},
  title =        {出版业信息化迈人快车道},
  year =         {2001},
  TypeofLit =    {EB/OL},
  modifydate =   {2001-12-19},
  citedate =     {2002-04-15},
  url =          {http://www.creader.com/news/20011219/200112190019.html},
}

% 在线析出文献
@article{CHRISTINE1998,
  author =       {Christine, Mlot},
  title =        {Plant physiology: plant biology in the Genome Era},
  journal =      {Science},
  volume =       {281},
  pages =        {331-332},
  year =         {1998},
  TypeofLit =    {J/OL},
  citedate =     {1998-09-23},
  url =           {http://www.sciencemag.org/cgi/collection/anatmorp},
}

@book{RManual,
        Address = {Vienna, Austria},
        Author = {{R Core Team}},
        Note = {{ISBN} 3-900051-07-0},
        Organization = {R Foundation for Statistical Computing},
        title = {R: A Language and Environment for Statistical Computing},
        url = {http://www.R-project.org/},
        Year = {2012},
}

@inproceedings{etsi2012introductory,
	title={Introductory White Paper},
	author={ETSI, Network Functions Virtualisation},
	year={2012},
	organization={Technical Report, SDN and OpenFlow World Congress}
}

@article{hawilo2014nfv,
	title={NFV: state of the art, challenges, and implementation in next generation mobile networks (vEPC)},
	author={Hawilo, Hassan and Shami, Abdallah and Mirahmadi, Maysam and Asal, Rasool},
	journal={IEEE Network},
	volume={28},
	number={6},
	pages={18--26},
	year={2014},
	publisher={IEEE}
}

@article{etsi2013001,
	title={001:" Network Functions Virtualisation (NFV)},
	author={ETSI, GS NFV002},
	journal={Architectural Framework},
	year={2013}
}

@article{mijumbi2016network,
	title={Network function virtualization: State-of-the-art and research challenges},
	author={Mijumbi, Rashid and Serrat, Joan and Gorricho, Juan-Luis and Bouten, Niels and De Turck, Filip and Boutaba, Raouf},
	journal={IEEE Communications Surveys \& Tutorials},
	volume={18},
	number={1},
	pages={236--262},
	year={2016},
	publisher={IEEE}
}

@inproceedings{sun2017nfp,
	title={NFP: Enabling Network Function Parallelism in NFV},
	author={Sun, Chen and Bi, Jun and Zheng, Zhilong and Yu, Heng and Hu, Hongxin},
	booktitle={Proceedings of the Conference of the ACM Special Interest Group on Data Communication},
	pages={43--56},
	year={2017},
	organization={ACM}
}

@inproceedings{zave2017dynamic,
	title={Dynamic service chaining with dysco},
	author={Zave, Pamela and Ferreira, Ronaldo A and Zou, Xuan Kelvin and Morimoto, Masaharu and Rexford, Jennifer},
	booktitle={Proceedings of the Conference of the ACM Special Interest Group on Data Communication},
	pages={57--70},
	year={2017},
	organization={ACM}
}

@inproceedings{kulkarni2017nfvnice,
	title={NFVnice: Dynamic Backpressure and Scheduling for NFV Service Chains},
	author={Kulkarni, Sameer G and Zhang, Wei and Hwang, Jinho and Rajagopalan, Shriram and Ramakrishnan, KK and Wood, Timothy and Arumaithurai, Mayutan and Fu, Xiaoming},
	booktitle={Proceedings of the Conference of the ACM Special Interest Group on Data Communication},
	pages={71--84},
	year={2017},
	organization={ACM}
}

@inproceedings{rizzo2012netmap,
	title={Netmap: a novel framework for fast packet I/O},
	author={Rizzo, Luigi},
	booktitle={21st USENIX Security Symposium (USENIX Security 12)},
	pages={101--112},
	year={2012}
}

@inproceedings{ram2013hyper,
	title={Hyper-Switch: A Scalable Software Virtual Switching Architecture.},
	author={Ram, Kaushik Kumar and Cox, Alan L and Chadha, Mehul and Rixner, Scott and Barr, TW and Smith, R and Rixner, S},
	booktitle={USENIX Annual Technical Conference},
	pages={13--24},
	year={2013}
}

@inproceedings{belay2014ix,
	title={IX: A protected dataplane operating system for high throughput and low latency},
	author={Belay, Adam and Prekas, George and Klimovic, Ana and Grossman, Samuel and Kozyrakis, Christos and Bugnion, Edouard},
	booktitle={Proceedings of the 11th USENIX Symposium on Operating System Design and Implementation (OSDI)},
	number={EPFL-CONF-201671},
	year={2014},
	organization={USENIX}
}

@article{hwang2015netvm,
	title={NetVM: high performance and flexible networking using virtualization on commodity platforms},
	author={Hwang, Jinho and Ramakrishnan, K K\_ and Wood, Timothy},
	journal={IEEE Transactions on Network and Service Management},
	volume={12},
	number={1},
	pages={34--47},
	year={2015},
	publisher={IEEE}
}

@inproceedings{yasukata2016stackmap,
	title={StackMap: Low-Latency Networking with the OS Stack and Dedicated NICs.},
	author={Yasukata, Kenichi and Honda, Michio and Santry, Douglas and Eggert, Lars},
	booktitle={USENIX Annual Technical Conference},
	pages={43--56},
	year={2016}
}

@inproceedings{prekas2017zygos,
	title={ZygOS: Achieving Low Tail Latency for Microsecond-scale Networked Tasks},
	author={Prekas, George and Kogias, Marios and Bugnion, Edouard},
	booktitle={Proceedings of the 26th ACM Symposium on Operating Systems Principles},
	number={EPFL-CONF-231395},
	year={2017}
}

@misc{intel2015data,
	title={Data plane development kit},
	author={Intel, DPDK},
	year={2015}
}

@article{xie2016service,
	title={Service Function Chaining Resource Allocation: A Survey},
	author={Xie, Yanghao and Liu, Zhixiang and Wang, Sheng and Wang, Yuxiu},
	journal={arXiv preprint arXiv:1608.00095},
	year={2016}
}

@article{herrera2016resource,
	title={Resource allocation in NFV: A comprehensive survey},
	author={Herrera, Juliver Gil and Botero, Juan Felipe},
	journal={IEEE Transactions on Network and Service Management},
	volume={13},
	number={3},
	pages={518--532},
	year={2016},
	publisher={IEEE}
}

@article{belbekkouche2012resource,
	title={Resource discovery and allocation in network virtualization},
	author={Belbekkouche, Abdeltouab and Hasan, Md Mahmud and Karmouch, Ahmed},
	journal={IEEE Communications Surveys \& Tutorials},
	volume={14},
	number={4},
	pages={1114--1128},
	year={2012},
	publisher={IEEE}
}

@article{fischer2013virtual,
	title={Virtual network embedding: A survey},
	author={Fischer, Andreas and Botero, Juan Felipe and Beck, Michael Till and De Meer, Hermann and Hesselbach, Xavier},
	journal={IEEE Communications Surveys \& Tutorials},
	volume={15},
	number={4},
	pages={1888--1906},
	year={2013},
	publisher={IEEE}
}

@inproceedings{mijumbi2015design,
	title={Design and evaluation of algorithms for mapping and scheduling of virtual network functions},
	author={Mijumbi, Rashid and Serrat, Joan and Gorricho, Juan-Luis and Bouten, Niels and De Turck, Filip and Davy, Steven},
	booktitle={Network Softwarization (NetSoft), 2015 1st IEEE Conference on},
	pages={1--9},
	year={2015},
	organization={IEEE}
}

@article{lin2016demand,
	title={Demand-aware network function placement},
	author={Lin, Tachun and Zhou, Zhili and Tornatore, Massimo and Mukherjee, Biswanath},
	journal={Journal of Lightwave Technology},
	volume={34},
	number={11},
	pages={2590--2600},
	year={2016},
	publisher={IEEE}
}

@inproceedings{ghaznavi2015elastic,
	title={Elastic virtual network function placement},
	author={Ghaznavi, Milad and Khan, Aimal and Shahriar, Nashid and Alsubhi, Khalid and Ahmed, Reaz and Boutaba, Raouf},
	booktitle={Cloud Networking (CloudNet), 2015 IEEE 4th International Conference on},
	pages={255--260},
	year={2015},
	organization={IEEE}
}

@article{quinn2015problem,
	title={Problem statement for service function chaining},
	author={Quinn, Paul and Nadeau, Tom},
	year={2015}
}

@inproceedings{panda2016netbricks,
	title={NetBricks: Taking the V out of NFV.},
	author={Panda, Aurojit and Han, Sangjin and Jang, Keon and Walls, Melvin and Ratnasamy, Sylvia and Shenker, Scott},
	booktitle={OSDI},
	pages={203--216},
	year={2016}
}

@inproceedings{martins2014clickos,
	title={ClickOS and the art of network function virtualization},
	author={Martins, Joao and Ahmed, Mohamed and Raiciu, Costin and Olteanu, Vladimir and Honda, Michio and Bifulco, Roberto and Huici, Felipe},
	booktitle={Proceedings of the 11th USENIX Conference on Networked Systems Design and Implementation},
	pages={459--473},
	year={2014},
	organization={USENIX Association}
}

@article{hwang2015netvm,
	title={NetVM: high performance and flexible networking using virtualization on commodity platforms},
	author={Hwang, Jinho and Ramakrishnan, K K\_ and Wood, Timothy},
	journal={IEEE Transactions on Network and Service Management},
	volume={12},
	number={1},
	pages={34--47},
	year={2015},
	publisher={IEEE}
}

@inproceedings{barham2003xen,
	title={Xen and the art of virtualization},
	author={Barham, Paul and Dragovic, Boris and Fraser, Keir and Hand, Steven and Harris, Tim and Ho, Alex and Neugebauer, Rolf and Pratt, Ian and Warfield, Andrew},
	booktitle={ACM SIGOPS operating systems review},
	volume={37},
	number={5},
	pages={164--177},
	year={2003},
	organization={ACM}
}

@inproceedings{pfaff2015design,
	title={The Design and Implementation of Open vSwitch.},
	author={Pfaff, Ben and Pettit, Justin and Koponen, Teemu and Jackson, Ethan J and Zhou, Andy and Rajahalme, Jarno and Gross, Jesse and Wang, Alex and Stringer, Joe and Shelar, Pravin and others},
	booktitle={NSDI},
	pages={117--130},
	year={2015}
}

@inproceedings{rizzo2012netmap,
	title={Netmap: a novel framework for fast packet I/O},
	author={Rizzo, Luigi},
	booktitle={21st USENIX Security Symposium (USENIX Security 12)},
	pages={101--112},
	year={2012}
}

@article{kohler2000click,
	title={The Click modular router},
	author={Kohler, Eddie and Morris, Robert and Chen, Benjie and Jannotti, John and Kaashoek, M Frans},
	journal={ACM Transactions on Computer Systems (TOCS)},
	volume={18},
	number={3},
	pages={263--297},
	year={2000},
	publisher={ACM}
}

@inproceedings{kivity2007kvm,
	title={kvm: the Linux virtual machine monitor},
	author={Kivity, Avi and Kamay, Yaniv and Laor, Dor and Lublin, Uri and Liguori, Anthony},
	booktitle={Proceedings of the Linux symposium},
	volume={1},
	pages={225--230},
	year={2007}
}
@misc{intel2015data,
	title={Data plane development kit},
	author={Intel, DPDK},
	year={2015}
}
@misc{popuri2014tour,
	title={A tour of the Mini-OS kernel},
	author={Popuri, Satya},
	journal={2014-12-01]. http://www. cs. uic. edu/-spopuri/minios. html},
	year={2014}
}
@article{russell2008virtio,
	title={virtio: towards a de-facto standard for virtual I/O devices},
	author={Russell, Rusty},
	journal={ACM SIGOPS Operating Systems Review},
	volume={42},
	number={5},
	pages={95--103},
	year={2008},
	publisher={ACM}
}

@article{bhamare2016survey,
	title={A survey on service function chaining},
	author={Bhamare, Deval and Jain, Raj and Samaka, Mohammed and Erbad, Aiman},
	journal={Journal of Network and Computer Applications},
	volume={75},
	pages={138--155},
	year={2016},
	publisher={Elsevier}
}

@inproceedings{hsieh2016network,
	title={Network-aware service function chaining placement in a data center},
	author={Hsieh, Cheng-Husan and Chang, Je-Wei and Chen, Chien and Lu, Ssu-Hsuan},
	booktitle={Network Operations and Management Symposium (APNOMS), 2016 18th Asia-Pacific},
	pages={1--6},
	year={2016},
	organization={IEEE}
}

@inproceedings{manco2017my,
	title={My VM is Lighter (and Safer) than your Container},
	author={Manco, Filipe and Lupu, Costin and Schmidt, Florian and Mendes, Jose and Kuenzer, Simon and Sati, Sumit and Yasukata, Kenichi and Raiciu, Costin and Huici, Felipe},
	booktitle={Proceedings of the 26th Symposium on Operating Systems Principles},
	pages={218--233},
	year={2017},
	organization={ACM}
}

@inproceedings{hu2016towards,
  title={Towards efficient server architecture for virtualized network function deployment: Implications and implementations},
  author={Hu, Yang and Li, Tao},
  booktitle={Microarchitecture (MICRO), 2016 49th Annual IEEE/ACM International Symposium on},
  pages={1--12},
  year={2016},
  organization={IEEE}
}

@article{mijumbi2016management,
  title={Management and orchestration challenges in network functions virtualization},
  author={Mijumbi, Rashid and Serrat, Joan and Gorricho, Juan-luis and Latre, Steven and Charalambides, Marinos and Lopez, Diego},
  journal={IEEE Communications Magazine},
  volume={54},
  number={1},
  pages={98--105},
  year={2016},
  publisher={IEEE}
}